@book{Lay2014,
    title = {Analysis with an introduction to proof},
    author = {Lay, S.~R.},
    publisher = {Pearson},
    edition = {5},
    year = {2014}
}
@book{Russell2009,
    title = {The philosophy of logical atomism},
    author = {Russell, B.},
    publisher = {Routledge},
    series = {Routledge Classics},
    year = {2009},
    address = {London, England}
}
@book{Levy1979,
    author = {Levy, A.},
    title = {Basic Set Theory},
    publisher = {Springer-Verlag},
    year = {1979},
}
@book{Kunen1992,
    author = {Kunen, K.},
    title = {Set Theory},
    subtitle = {An Introduction to Independence Proofs},
    publisher = {Elsevier},
    year = {1992},
}
@article{Zermelo1908,
    title = {Untersuchungen über die Grundlagen der Mengenlehre. I},
    author = {Zermelo, E.},
    year = {1908},
    journal = {Mathematische Annalen},
    pages = {261-281},
    url = {http://eudml.org/doc/158344},
    volume = {65},
}
@book{Enderton2001,
    author = {Enderton, H.~B.},
    title = {A Mathematical Introduction to Logic},
    edition = {2},
    publisher = {Academic Press},
    year = {2001},
}
@article{Kuratowski1921,
    title = {Sur la notion de l’ordre dans la Théorie des Ensembles},
    author = {Kuratowski, K.},
    volume = {2},
    ISSN = {1730-6329},
    url = {http://dx.doi.org/10.4064/fm-2-1-161-171},
    DOI = {10.4064/fm-2-1-161-171},
    journal = {Fundamenta Mathematicae},
    publisher = {Institute of Mathematics, Polish Academy of Sciences},
    year = {1921},
    pages = {161–171},
}
@misc{NineChapters20,
    title = {Nine Chapters on Arithmetic},
    organization = {Chinese Text Project},
    url = {https://ctext.org/nine-chapters},
    note = {See \cite{Kangshen1999} for a translation},
}
@book{Kangshen1999,
    title = {The Nine Chapters on the Mathematical Art Companion and Commentary},
    author = {Kangshen, S. and Crossley, J.~N. and Lun, S.~W\nobreak\nobreakdashes-C},
    year = {1999},
    isbn = {0 19 853936 3},
    publisher = {Oxford University Press}
}
@book{Dedekind1888,
    author = {Dedekind, R.},
    title = {Was sind und was sollen die Zahlen?},
    year = {1888},
    publisher = {Friedrich Vieweg und Sohn},
}
@book{Peano1889,
    author = {Peano, G.},
    title = {Arithmetices principia},
    subtitle = {nova methodo exposita},
    publisher = {Fratres Bocca},
    year = {1989},
}
@article{Cantor1872,
    title = {Ueber die Ausdehnung eines Satzes aus der Theorie der trigonometrischen Reihen},
    author = {Cantor, G.},
    journal = {Mathematische Annalen},
    pages = {123-132},
    url = {http://eudml.org/doc/156562},
    volume = {5},
    year = {1872},
}
@book{Cantor1883,
    title = {Grundlagen einer allgemeinen Mannigfaltigkeitslehre},
    subtitle = {ein \linebreak mathematisch-philosophischer Versuch in der Lehre des Unendlichen},
    author = {Cantor, G.},
    url = {https://digital.slub-dresden.de/data/kitodo/gruneialm_313523215/gruneialm_313523215_tif/jpegs/gruneialm_313523215.pdf},
    year = {1883},
    publisher = {Teubner},
}
@article{Meray1869,
    title = {Remarques sur la nature des quantités définies par la condition de servir de limites à des variables données},
    year = {1869},
    author = {Méray, R.},
    journal = {Revue des sociétés savantes: Sciences mathématiques, physiques et naturelles},
    url = {https://gallica.bnf.fr/ark:/12148/bpt6k2026062/f280.item},
}
@book{Dedekind1872,
    author = {Dedekind, R.},
    title = {Stetigkeit und irrationale Zahlen},
    year = {1872},
    publisher = {Friedrich Vieweg und Sohn},
}
@book{Heath1926,
    author = {Heath, T.~L.},
    title = {The Thirteen Books of Euclid's Elements},
    year = {1926},
    volume = {2},
    edition = {2},
    publisher = {Dover Publications},
}
@misc{Weiss2015,
    title = {The real numbers - a survey of constructions}, 
    author = {Weiss, I.},
    year = {2015},
    eprint = {1506.03467},
    archivePrefix = {arXiv},
    primaryClass = {math.HO},
    url = {https://arxiv.org/abs/1506.03467}, 
}
@article{Street1985,
    author = {Street, R.},
    title = {An efficient construction of the real numbers},
    journal = {Gazette - Australian Mathematical Society},
    year = {1985},
    url = {https://andrescaicedo.wordpress.com/wp-content/uploads/2014/09/ross-street-an-efficient-construction-of-real-numbers.pdf}
}
@misc{ACampo2003,
    title = {A natural construction for the real numbers}, 
    author = {A'Campo, N.},
    year = {2003},
    eprint = {math/0301015},
    archivePrefix = {arXiv},
    primaryClass = {math.GN},
    url = {https://arxiv.org/abs/math/0301015}, 
}
@misc{Piponi2006,
    title = {Defining the Reals},
    author = {Piponi, D.},
    journal = {A Neighborhood of Infinity},
    year = {2006},
    url = {http://blog.sigfpe.com/2006/05/defining-reals.html},
}
@misc{Arthan2004,
    title = {The Eudoxus Real Numbers}, 
    author = {Arthan, R.~D.},
    year = {2004},
    eprint = {math/0405454},
    archivePrefix = {arXiv},
    primaryClass = {math.HO},
    url = {https://arxiv.org/abs/math/0405454}, 
}
@article{Huntington1903,
    author = {Huntington, E.~V.},
    title = {Complete Sets of Postulates for the Theory of Real Quantities},
    journal = {Transactions of the American Mathematical Society},
    year = {1903},
    pages = {358-370},
    volume = {4},
    number = {3},
    publisher = {American Mathematical Society},
}
@article{Borovik2012,
    title = {An Integer Construction of Infinitesimals: Toward a Theory of Eudoxus Hyperreals},
    author = {Borovik, A. and Jin, R. and Katz, M.~G.},
    volume = {53},
    ISSN = {0029-4527},
    url = {http://dx.doi.org/10.1215/00294527-1722755},
    DOI = {10.1215/00294527-1722755},
    number = {4},
    journal = {Notre Dame Journal of Formal Logic},
    publisher = {Duke University Press},
    year = {2012},
    month=jan
}
@book{Kelley1975,
    author = {Kelley, J~.L.},
    title = {General Topology},
    publisher = {Springer Publishing},
    year = {1975},
}
@book{Conway1976,
    author = {Conway, J.~H.},
    title = {On Numbers and Games},
    publisher = {Academic Press},
    year = {1976},
}
@book{Goldblatt1998,
    author = {Goldblatt, R.},
    title = {Lectures on the Hyperreals},
    subtitle = {An Introduction to Nonstandard Analysis},
    year = {1998},
    publisher = {Springer-Verlag},
}
@article{Michael1963,
    author = {Michael, M.},
    title = {On theories categorical in uncountable powers},
    journal = {Proceedings of the National Academy of Sciences of the United States of America},
    year = {1963},
    volume = {49},
    issue = {2},
    pages = {213-216},
}
@misc{Veraar2022,
    title = {Measure and Integration},
    author = {Veraar, M. and Lorist, E. and Nieraeth, Z.},
    howpublished = {Lecture notes on AM2090},
    school = {Delft University of Technology},
}
@article{Dickson1919,
    author = {Dickson, L.~E.},
    title = {On Quaternions and Their Generalization and the History of the Eight Square Theorem},
    year = {1919},
    journal = {Annals of Mathematics},
    pages = {155-171},
    volume = {20},
    number = {3},
}
@book{Landau1930,
    author = {Landau, E.},
    title = {Grundlagen der Analysis},
    subtitle ={Das Rechnen mit ganzen, rationalen, irrationalen, komplexen Zahlen},
    publisher = {Akademische Verlagsgesellschaft},
    year = {1930},
}
@book{Mendelson1997,
    author = {Mendelson, E.},
    title = {Introduction to Mathematical Logic},
    publisher = {Chapman \& Hall},
    year = {1997},
    edition = {4},
}
@article{Skolem1934,
    author = {Skolem, T.},
    title = {Über die Nicht-charakterisierbarkeit der Zahlenreihe mittels endlich oder abzählbar unendlich vieler Aussagen mit ausschließlich Zahlenvariablen},
    year = {1934},
    pages = {150-161},
    volume = {23},
    journal = {Fundamenta Mathematicae},
}
